% This file was created with JabRef 2.7b.
% Encoding: UTF-8

%Conferences
@STRING{ichr = {Int. Conf. on Humanoid Robotics}}

@STRING{icra = {Int. Conf. on Robotics and Automation}}

@STRING{iros = {Int. Conf. on Intelligent Robots and Systems}}

@STRING{biorob = {Int. Conf. on Biomedical Robotics and Biomechatronics}}

% Symposyium
@STRING{siggraph = {the International Symposium on Computer Animation}}

@STRING{iser = {the International Symposium on Experimental Robotics}}

@STRING{oceans = {OCEANS}}

@STRING{physD = {Physica D: Nonlinear Phenomena}}

@STRING{plos = {PLoS computational biology}}

% Journals
@STRING{ijrr = {the International Journal of Robotics Research}}

@STRING{ijhr = {the International Journal of Humanoid Robotics}}

@STRING{itro = {Transactions on Robotics}}

@STRING{ral = {Robotics and Automation Letters}}

@STRING{jras = {Journal of Robotics and Autonomous Systems}}

@STRING{biocyb= {Biological Cybernetics}}

@STRING{jneu = {The journal of Neuroscience}}

@STRING{advrob = {International Journal of Advanced Robotic Systems} }

@STRING{autorob = {Autonomous Robots} }

@article {ramos:ram:2015,
	title = {Dynamic Whole Body Motion Generation for the Dance of a Humanoid Robot},
	journal = {Robotics and Automation Magazine},
	year = {2015},
	author = {O. E. Ramos and N. Mansard and O. Stasse and C. Benazeth and S. Hak and L. Saab}
}

@inproceedings{evrard2009intercontinental,
  title={Intercontinental, multimodal, wide-range tele-cooperation using a humanoid robot},
  author={Evrard, Paul and Mansard, Nicolas and Stasse, Olivier and Kheddar, Abderrahmane and Schau{\ss}, Thomas and Weber, Carolina and Peer, Angelika and Buss, Martin},
  booktitle=iros,
  year={2009}
}

@inproceedings{stasse2009fast,
  title={Fast foot prints re-planning and motion generation during walking in physical human-humanoid interaction},
  author={Stasse, Olivier and Evrard, Paul and Perrin, Nicolas and Mansard, Nicolas and Kheddar, Abderrahmane},
  booktitle=ichr,
  year={2009},
}

@inproceedings{perrin2010approximation,
  title={Approximation of feasibility tests for reactive walk on hrp-2},
  author={Perrin, Nicolas and Stasse, Olivier and Lamiraux, Florent and Yoshida, Eiichi},
  booktitle={Robotics and Automation (ICRA), 2010 IEEE International Conference on},
  pages={4243--4248},
  year={2010},
  organization={IEEE}
}

@ARTICLE{ajallooeian_general_2013,
  author = {Ajallooeian, M. and van den Kieboom, J. and Mukovskiy, A. and Giese,
	M.A. and Ijspeert, A.J.},
  title = {A general family of morphed nonlinear phase oscillators with arbitrary
	limit cycle shape},
  journal = physD,
  year = {2013}
}

@inproceedings{Schubert2014Key,
  title      = {Key performance indicators for humanoid walking motions defined in the KoroiBot project},
  author     = {Schubert, A. and Clever, D. and Mombaur, K.},
  booktitle  = {International Workshop on Wearable Robotics (WeRob 2014)},
  year       = {2014}
}

@article{torricelli2015benchmarking,
  title={Benchmarking Bipedal Locomotion: A Unified Scheme for
Humanoids, Wearable Robots, and Humans},
  author={Torricelli, Diego and Vargas, Jan F Veneman and Mombaur, Katja
and Tsagarakis, Nikos and del-Ama, Antonio J and Gil-Agudo, Angel and
Moreno, Juan C and Pons, Jose L},
  journal={Robotics and Automation Magazine},
  year={2015}
}

@INPROCEEDINGS{Righetti:icra:2006,
  author={L. Righetti and Auke Jan Ijspeert},
  booktitle=icra,
  title={Programmable central pattern generators: an application to biped locomotion  control},
  year={2006}
}

@INPROCEEDINGS{ref:Ajoudani2013,
  author = {A. Ajoudani and J. Lee and A. Rocchi and M. Ferrati and E. M. Hoffman
	and A. Settimi and D. G. Caldwell and A. Bicchi and N. G. Tsagarakis},
  title = {A manipulation framework for compliant humanoid {COMAN}: Application
	to a valve turning task},
  booktitle = ichr,
  year = {2014}
}

@INPROCEEDINGS{Murooka:icra:2014,
  author={M. Murooka and S. Noda and S. Nozawa and Y. Kakiuchi and K. Okada and M. Inaba},
  booktitle=icra,
  title={Manipulation strategy decision and execution based on strategy proving operation for carrying large and heavy objects},
  year={2014}
}

@inproceedings{RazaviBCG15,
  author    = {Hamed Razavi and
               Anthony M. Bloch and
               Christine Chevallereau and
               Jessy W. Grizzle},
  title     = {Restricted discrete invariance and self-synchronization for stable
               walking of bipedal robots},
  booktitle = {American Control Conference, {ACC} 2015, Chicago, IL, USA, July 1-3,
               2015},
  year      = {2015}
}

@article{grizzle20103d,
  title={3D bipedal robotic walking: models, feedback control, and open problems},
  author={Grizzle, Jessy W and Chevallereau, Christine and Ames, Aaron D and Sinnet, Ryan W},
  journal={IFAC Proceedings Volumes},
  year={2010}
}

@article{reherrealizing,
  title={Realizing Dynamic and Efficient Bipedal Locomotion on the Humanoid Robot DURUS},
  author={Reher, Jacob and Cousineau, Eric A and Hereid, Ayonga and Hubicki, Christian M and Ames, Aaron D},
  year={2016}
}

@ARTICLE {Mandery2016b,
author = {Christian Mandery and \"Omer Terlemez and Martin Do and Nikolaus Vahrenkamp and Tamim Asfour},
title = {Unifying Representations and Large-Scale Whole-Body Motion Databases for Studying Human Motion (to appear)},
journal =itro,
year = {2016}
}

@book{westervelt2007feedback,
  title={Feedback control of dynamic bipedal robot locomotion},
  author={Westervelt, Eric R and Grizzle, Jessy W and Chevallereau, Christine and Choi, Jun Ho and Morris, Benjamin},
  volume={28},
  year={2007},
  publisher={CRC press}
}

@article{KaddarAC15,
  author    = {Bassel Kaddar and
               Yannick Aoustin and
               Christine Chevallereau},
  title     = {Arm swing effects on walking bipedal gaits composed of impact, single
               and double support phases},
  journal   = ras,
  year      = {2015}
}

@INPROCEEDINGS{Keddar:iros:2014,
  author = {Audren, Herv{\'e} and Vaillant, Joris and Kheddar, Abderrahmane and
	Escande, Adrien and Kaneko, Kenji and Yoshida, Eiichi},
  title = {Model preview control in multi-contact motion-application to a humanoid
	robot},
  booktitle = iros,
  year = {2014}
}

@ARTICLE{bennequin_movement_2009,
  author = {Bennequin, D. and Fuchs, R. and Berthoz, A. and Flash, T.},
  title = {Movement timing and invariance arise from several geometries},
  journal = plos,
  year = {2009}
}

@BOOK{bock1981numerical,
  title = {Numerical treatment of inverse problems in chemical reaction kinetics},
  publisher = {Springer},
  year = {1981},
  author = {Bock, Hans Georg}
}

@INCOLLECTION{bock_numerical_2007,
  author = {Bock, Hans Georg and Diehl, Moritz and K{\"u}hl, Peter and Kostina,
	Ekaterina and Schl{\"o}der, Johannes and Wirsching, Leonard},
  title = {Numerical Methods for Efficient and Fast Nonlinear Model Predictive Control},
  booktitle = {Assessment and Future Directions of Nonlinear Model Predictive Control},
  year = {2007}
}

@BOOK{Boyd:CO:2004,
  title = {Convex Optimization},
  publisher = {Cambridge University Press},
  year = {2004},
  author = {S. Boyd and L. Vandenberghe}
}

@ARTICLE{boyd:tro:07,
  author = {S.-P. Boyd and B. Wegbreit},
  title = {Fast Computation of Optimal Contact Forces},
  journal = itro,
  year = {2007}
}

@INPROCEEDINGS{ref:bjkeht13,
  author = {Brandao, M. and Jamone, L. and Kryczka, P. and Endo, N. and Hashimoto,
	K. and Takanishi, A.},
  title = {Reaching for the unreachable: integration of locomotion and whole-body
	movements for extended visually guided reaching},
  booktitle = ichr,
  year = {2013}
}



@INPROCEEDINGS{brasseur:ichr:2015,
  author = {C. Brasseur and A. Sherikov and C. Collette and D. Dimitrov and P.
	B. Wieber},
  title = {A robust linear MPC approach to online generation of 3D biped walking
	motion},
  booktitle = ichr,
  year = {2015}
}

@ARTICLE{ref:buc06,
  author = {Buchli, J. and Righetti, L. and Ijspeert, A. J.},
  title = {Engineering Entrainment and Adaptation in Limit Cycle Systems - from
	biological inspiration to applications in robotics},
  journal = biocyb,
  year = {2006}
}

@INPROCEEDINGS{carpentier:hal-01203507,
  author = { Carpentier, Justin and Tonneau, Steve and Naveau, Maximilien and
	Stasse, Olivier and Mansard, Nicolas },
  title = { {A Versatile and Efficient Pattern Generator for Generalized Legged
	Locomotion} },
  booktitle = icra,
  year = { 2015 }
}

@MANUAL{ref:cha01,
  title = {{LIBSVM}: a library for support vector machines},
  author = {Chang, C.-C. and Lin, C.-J.},
  year = {2001},
  note = {Software available at \url{http://www.csie.ntu.edu.tw/~cjlin/libsvm}}
}

@INBOOK{Chestnutt:2010:MPHR,
  author = {Chestnutt, Joel},
  chapter = {Navigation and Gait Planning},
  title = {Motion Planning for Humanoid Robots},
  year = {2010}
}

@INPROCEEDINGS{ref:caeg13,
  author = {Chiovetto, E. and d'Avella, A. and Endres, D. and Giese, M. A.},
  title = {{A} unifying algorithm for the identification of kinematic and electromyographic
	motor primitives},
  booktitle = {Bernstein Conference},
  year = {2013},
  note = {not reviewed}
}

@INPROCEEDINGS{Dai:ICHR:2014,
  author = {Hongkai Dai and Andres Valenzuela and Russ Tedrake},
  title = {Whole-body motion planning with centroidal dynamics and full kinematics},
  booktitle = ichr,
  year = {2014}
}

@INPROCEEDINGS{Tedrake:ichr:2014,
  author = {Dai, Hongkai and Valenzuela, Andr{\'e}s and Tedrake, Rus},
  title = {Whole-body motion planning with simple dynamics and full kinematics},
  booktitle = ichr,
  year = {2014}
}

@ARTICLE{ref:dklntl13,
  author = {Dalibard, S. and El Khoury, A. and Lamiraux, F. and Nakhaei, A. and
	Ta{\"{i}}x, M. and Laumond, J.P.},
  title = {Dynamic Walking and Whole-Body Motion Planning for Humanoid Robots:
	an Integrated Approach},
  journal = ijrr,
  year = {2013}
}

@ARTICLE{dayan_neural_2007,
  author = {Dayan, E. and Casile, A. and Levit-Binnun, N. and Giese, M.A. and
	Hendler, T. and Flash, T.},
  title = {Neural representations of kinematic laws of motion: evidence for
	action-perception coupling},
  journal = {Proceedings of the National Academy of Sciences},
  year = {2007}
}

@INPROCEEDINGS{deits:ichr:14,
  author = {Deits, Robin and Tedrake, Russ},
  title = {Footstep Planning on Uneven Terrain with Mixed-Integer Convex Optimization},
  booktitle = ichr,
  year = {2014}
}

@BOOK{diehl_real-time_2002,
  title = {Real-{Time} {Optimization} for {Large} {Scale} {Nonlinear} {Processes}},
  year = {2002},
  author = {Diehl, M.},
  volume = {920},
  series = {Fortschritt-{Berichte} {VDI} {Reihe} 8, {Me{\ss}}-, {Steuerungs}-
	und {Regelungstechnik}}
}

@INPROCEEDINGS{dune:iros:11,
  author = {C. Dune and A. Herdt and E. Marchand and O. Stasse and P.-B. Wieber
	and E. Yoshida},
  title = {Vision based control for Humanoid Robots},
  booktitle = iros,
  year = {2011}
}

@INPROCEEDINGS{ref:Englsberger2015,
  author = {J. Englsberger and T. Koolen and S. Bertrand and J. Pratt and C.
	Ott and A. Albu-Sch\"affer},
  title = {Trajectory generation for continuous leg forces during double support
	and heel-to-toe shift based on divergent component of motion},
  booktitle = iros,
  year = {2014}
}

@INPROCEEDINGS{Englsberger:ichr:2015,
  author = {J. Englsberger and P. Koz{\l}owski and C. Ott},
  title = {Biologically inspired deadbeat control for running on 3D stepping
	stones},
  booktitle = ichr,
  year = {2015}
}

@INPROCEEDINGS{englsberger:iros:2015,
  author = {J. Englsberger and C. Ott and A. Albu-Sch\"affer},
  title = {Three-dimensional bipedal walking control using Divergent Component
	of Motion},
  booktitle = iros,
  year = {2013}
}

@PHDTHESIS{Orthey:Phd:2015,
  author = {A. Orthey},
  title = {Exploiting Structure in Humanoid Motion Planning},
  school = {Univ. Toulouse III - Paul Sabatier, France},
  year = {2015}
}

@INPROCEEDINGS{Ott:humanoids:2011,
  author = {C. Ott and M. A. Roa and G. Herzinger},
  title = {Posture and Balance Control for Biped Robots based on Contact Force
	Optimization},
  booktitle = ichr,
  year = {2011}
}

@ARTICLE{Escande:RAS:2013,
  author = {A. Escande and A. Kheddar and S. Miossec},
  title = {Planning contact points for humanoid robots },
  journal = jras,
  year = {2013}
}

@ARTICLE{escande-ijrr-14,
  author = { Escande, Adrien and Mansard, Nicolas and Wieber, Pierre-Brice },
  title = { {Hierarchical quadratic programming: Fast online humanoid-robot
	motion generation} },
  journal = ijrr,
  year = { 2014 }
}

@INPROCEEDINGS{ref:fxs12,
  author = {Feng, Andrew W and Xu, Yuyu and Shapiro, Ari},
  title = {An example-based motion synthesis technique for locomotion and object
	manipulation},
  booktitle = siggraph,
  year = {2012}
}

@INPROCEEDINGS{Feng:ichr:2013,
  author = {S. Feng and X. Xinjilefu and W. Huang and C. G. Atkeson},
  title = {3D walking based on online optimization},
  booktitle = ichr,
  year = {2013}
}

@ARTICLE{Ferreau2014,
  author = {H.J. Ferreau and C. Kirches and A. Potschka and H.G. Bock and M.
	Diehl},
  title = {{qpOASES}: A parametric active-set algorithm for quadratic programming},
  journal = {Mathematical Programming Computation},
  year = {2014}
}

@ARTICLE{flash_affine_2007,
  author = {Flash, T. and Handzel, A.A.},
  title = {Affine differential geometry analysis of human arm movements},
  journal = biocyb,
  year = {2007}
}

@ARTICLE{FlashHandzel1996,
  author = {Flash, T. and Handzel, A. A. },
  title = {Affine differential geometry of human arm trajectories.},
  journal = {Abstracts of the Society for Neuroscience },
  year = {1996}
}

@ARTICLE{flash_coordination_1985,
  author = {Flash, T. and Hogan, N.},
  title = {The coordination of arm movements: an experimentally confirmed mathematical
	model},
  journal = jneu,
  year = {1985}
}

@INPROCEEDINGS{ref:gnzwiau13,
  author = {Gams, A. and Nemec, B. and Zlajpah, L. and W{\"{a}}chter, M. and
	Ijspeert, A. J. and Asfour, T. and Ude, A.},
  title = {Modulation of Motor Primitives using Force Feedback: Interaction
	with the Environment and Bimanual Tasks},
  booktitle = iros,
  year = {2013}
}

@INPROCEEDINGS{ref:gam08,
  author = {Gams, Andrej and Righetti, Ludovic and Ijspeert, Auke Jan and Lenar{\v{c}}i{\v{c}},
	Jadran},
  title = {A dynamical system for online learning of periodic movements of unknown
	waveform and frequency},
  booktitle = biorob,
  year = {2008}
}

@CONFERENCE{garcia:icra:14,
  author = {M. Garcia and O. Stasse and J.-B. Hayet},
  title = {Vision-driven walking pattern generation for humanoid reactive walking},
  booktitle = icra,
  year = {2014}
}

@ARTICLE{garcia:ijrr:2015,
  author = {M. Garcia and O. Stasse and J.-B. Hayet and C. Dune and C. Esteves
	and J.-P. Laumond},
  title = {Vision-guided motion primitives for humanoid reactive walking: decoupled
	vs. coupled approaches},
  journal = ijrr,
  year = {2015}
}

@INCOLLECTION{ref:gtg10,
  author = {Gienger, Michael and Toussaint, Marc and Goerick, Christian},
  title = {Whole-body motion planning--building blocks for intelligent systems},
  booktitle = {Motion Planning for Humanoid Robots},
  year = {2010}
}

@INCOLLECTION{ref:gie09,
  author = {Giese, M. A. and Mukovskiy, A. and Park, A. and Omlor, L. and Slotine,
	J. J. E.},
  title = {Real-Time Synthesis of Body Movements Based on Learned Primitives},
  booktitle = {Stat. and Geom. Appr. to Vis. Mot. Anal., LNCS5604},
  publisher = {Springer},
  year = {2009}
}

@ARTICLE{giese_realtime_2009,
  author = {Giese, M.A. and Mukovskiy, A. and Park, A. and Omlor, L. and Slotine,
	J.E.},
  title = {{R}eal-{T}ime {S}ynthesis of {B}ody {M}ovements {B}ased on {L}earned
	{P}rimitives},
  journal = {In Cremers D, Rosenhahn B, Yuille A L (eds): Statistical and Geometrical
	Approaches to Visual Motion Analysis, Lecture Notes in Computer Science},
  year = {2009}
}

@INPROCEEDINGS{pushRealTime,
  author = { Harada, K. and Kajita, S. and Kaneko, K. and Hirukawa, H. },
  title = { {Real-time planning of humanoid robot's gait for force controlled
	manipulation} },
  booktitle = icra,
  year = { 2004 }
}

@INPROCEEDINGS{pushingZMP,
  author = { Harada, K. and Kajita, S. and Kaneko, K. and Hirukawa, H. },
  title = { {Pushing manipulation by humanoid considering two-kinds of ZMPs}	},
  booktitle = icra,
  year = { 2003 }
}

@INPROCEEDINGS{heavyObject,
  author = { Harada, K. and Kajita, S. and Saito, H. and Morisawa, M. and Kanehiro
	, F. and Fujiwara, K. and Kaneko, K. and Hirukawa , H. },
  title = { {A humanoid robot carrying a heavy object} },
  booktitle = icra,
  year = { 2005 }
}

@ARTICLE{herdt:ar:2010,
  author = {Herdt, Andrei and Diedam, Holger and Wieber, Pierre-Brice and Dimitrov,
	Dimitar and Mombaur, Katja and Diehl, Moritz},
  title = {Online walking motion generation with automatic footstep placement},
  journal = advrob,
  year = {2010}
}

@INPROCEEDINGS{herdt:iros:2010,
  author = {A. Herdt and N. Perrin and P.-B. Wieber},
  title = {Walking without thinking about it},
  booktitle = iros,
  year = {2010}
}

@INPROCEEDINGS{herzog2015trajectory,
  author = {Herzog, Alexander and Rotella, Nicholas and Schaal, Stefan and Righetti,
	Ludovic},
  title = {Trajectory generation for multi-contact momentum control},
  booktitle = ichr,
  year = {2015}
}

@INPROCEEDINGS{Hirukawa:icra:2007,
  author = {Hirohisa Hirukawa and Shizuko Hattori and Shuuji Kajita and Kensuke
	Harada and Kenji Kaneko and Fumio Kanehiro and Mitsuharu Morisawa
	and Shinichiro Nakaoka},
  title = {A Pattern Generator of Humanoid Robots Walking on a Rough Terrain},
  booktitle = icra,
  year = {2007}
}

@MISC{Holobororodko2008,
  author = {Holoborodko, P.},
  title = {Smooth Noise Robust Differentiators},
  year = {2008}
}

@INPROCEEDINGS{Hornung:ICHR:12,
  author = {Armin Hornung and Andrew Dornbush and Maxim Likhachev and Maren Bennewitz},
  title = {Anytime search-based footstep planning with suboptimality bounds},
  booktitle = ichr,
  year = {2012}
}

@INCOLLECTION{ref:hk14,
  author = {Huang, Y. and Kallmann, M.},
  title = {Planning Motions for Virtual Demonstrators},
  booktitle = {Intelligent Virtual Agents},
  publisher = {Springer},
  year = {2014}
}

@ARTICLE{huh_spectrum_2015,
  author = {Huh, D. and Sejnowski, T.J.},
  title = {Spectrum of power laws for curved hand movements},
  journal = {Proceedings of the National Academy of Sciences},
  year = {2015}
}

@INPROCEEDINGS{pushWall,
  author = { Hwang, Y. and Konno , A. and Uchiyama, M. },
  title = { {Whole body cooperative tasks and static stability evaluations for
	a humanoid robot} },
  booktitle = iros,
  year = { 2003 }
}

@ARTICLE{DBLP:journals/trob/HyonHC07,
  author = {Sang{-}Ho Hyon and Joshua G. Hale and Gordon Cheng},
  title = {Full-Body Compliant Human-Humanoid Interaction: Balancing in the
	Presence of Unknown External Forces},
  journal = itro,
  year = {2007}
}

@INBOOK{Ibanez:ark:14,
  chapter = {Automatic Optimal Biped Walking as a Mixed-Integer Quadratic Program},
  title = {Advance in Robot Kinematics},
  year = {2014},
  author = {Ibanez, Aur{\'e}lien and Bidaud, Philippe and Padois, Vincent}
}

@ARTICLE{ref:inhps13,
  author = {Ijspeert, A. J. and Nakanishi, J. and Hoffmann, H. and Pastor, P.
	and Schaal, S.},
  title = {Dynamical movement primitives: Learning attractor models for motor
	behaviors},
  journal = {Neural Computation},
  year = {2013}
}

@ARTICLE{ref:johnson2015team,
  author = {Johnson, Matthew and Shrewsbury, Brandon and Bertrand, Sylvain and
	Wu, Tingfan and Duran, Daniel and Floyd, Marshall and Abeles, Peter
	and Stephen, Douglas and Mertins, Nathan and Lesman, Alex and others},
  title = {Team {IHMC}'s lessons learned from the {DARPA} robotics challenge
	trials},
  journal = {Journal of Field Robotics},
  year = {2015}
}

@INPROCEEDINGS{Kajita2003b,
  author = {S. Kajita and F. Kanehiro and K. Kaneko and K. Fujiwara and K. Harada
	and K. Yokoi and H. Hirukawa},
  title = {Resolved Momentum Control: Humanoid Motion Planning based on the
	Linear and Angular Momentum},
  booktitle = iros,
  year = {2003}
}

@INPROCEEDINGS{Kajita:icra:2003,
  author = {Kajita, S. and Kanehiro, F. and Kaneko, K. and Fujiwara, K. and Harada,
	K. and Yokoi, K. and Hirukawa, H.},
  title = {Biped walking pattern generation by using preview control of zero-moment
	point},
  booktitle = icra,
  year = {2003}
}

@INPROCEEDINGS{Kajita:iros:2010,
  author = {S. Kajita and M. Morisawa and K. Miura and S. Nakaoka and K. Harada
	and K. Kaneko and F. Kanehiro and K. Yokoi},
  title = {Biped walking stabilization based on linear inverted pendulum tracking},
  booktitle = iros,
  year = {2010}
}

@INPROCEEDINGS{Kaneko2004,
  author = {K. Kaneko and F. Kanehiro and S. Kajita and H. Hirukawa and T. Kawasaki
	and M. Hirata and K. Akachi and T. Isozumi},
  title = {Humanoid Robot HRP-2},
  booktitle = icra,
  year = {2004}
}

@ARTICLE{ref:kly11,
  author = {Kanoun, O. and Laumond, J.P. and Yoshida, E.},
  title = {Planning foot placements for a humanoid robots: a problem of inverse
	kinematics},
  journal = ijrr,
  year = {2011}
}

@ARTICLE{karklinsky_timing_2015,
  author = {Karklinsky, M. and Flash, T.},
  title = {Timing of continuous motor imagery: the two-thirds power law originates
	in trajectory planning},
  journal = {Journal of neurophysiology},
  year = {2015}
}

@INPROCEEDINGS{matan:biorob:2016,
  author = {M. Karklinsky and M. Naveau and A. Mukovskiy and O. Stasse and T.
	Flash and P. Soueres},
  title = {Robust human-inspired power law trajectories for humanoid HRP-2 robot},
  year = {2016},
  booktitle = biorob
}

@INPROCEEDINGS{Koch2012a,
  author = {K. H. Koch and K. Mombaur and P. Soueres},
  title = {Optimization-based walking generation for humanoid robot},
  booktitle = {SYROCO},
  year = {2012}
}

@INPROCEEDINGS{koch:ichr:2014,
  author = {Koch, Kai Henning and Mombaur, Katja and Stasse, Olivier and Soueres,
	Philippe},
  title = {Optimization based exploitation of the ankle elasticity of HRP-2
	for overstepping large obstacles},
  booktitle = ichr,
  year = {2014}
}

@INPROCEEDINGS{Koenemann:iros:2015,
  author = {Koenemann, Jonas and Del Prete, Andrea and Tassa, Yuval and Todorov,Emanuel
	and Stasse, Olivier and Bennewitz, Maren and Mansard, Nicolas},
  title = {Whole-body Model-Predictive Control Applied to the {HRP}-2 Humanoid.},
  booktitle = iros,
  year = {2015}
}

@ARTICLE{ref:km12,
  author = {Koschorreck, J. and Mombaur, K.},
  title = {Modeling and Optimal Control of Human Platform Diving With Somersaults
	and Twists},
  journal = {Optimization and Engineering},
  year = {2012}
}

@INPROCEEDINGS{kudruss:ichr:2015,
  author = {M. Kudruss and M. Naveau and O. Stasse and N. Mansard and C. Kirches
	and P. Soueres and K. Mombaur},
  title = {Optimal Control for Multi-Contact, Whole-Body Motion Generation using
	Center-of-Mass Dynamics for Multi-Contact Situations},
  booktitle = ichr,
  year = {2015}
}

@ARTICLE{Kuffner2002,
  author = {J.J. Kuffner and S. Kagami and K. Nishiwaki and M. Inaba and H. Inoue},
  title = {Dynamically-stable motion planning for humanoid robots.},
  journal = autorob,
  year = {2002}
}

@ARTICLE{ref:kuindersma2015optimization,
  author = {Kuindersma, Scott and Deits, Robin and Fallon, Maurice and Valenzuela,
	Andr{\'e}s and Dai, Hongkai and Permenter, Frank and Koolen, Twan
	and Marion, Pat and Tedrake, Russ},
  title = {Optimization--based locomotion planning, estimation, and control
	design for the {A}tlas humanoid robot},
  journal = autorob,
  year = {2015}
}

@INPROCEEDINGS{kuindersma:icra:2014,
  author = {Kuindersma, Scott and Permenter, Frank and Tedrake, Russ},
  title = {An efficiently solvable quadratic program for stabilizing dynamic
	locomotion},
  booktitle = icra,
  year = {2014}
}

@ARTICLE{lacquaniti_law_1983,
  author = {Lacquaniti, F. and Terzuolo, C. and Viviani, P.},
  title = {The law relating the kinematic and figural aspects of drawing movements},
  journal = {Acta psychologica},
  year = {1983}
}

@ARTICLE{ref:lrss13,
  author = {Land, W. M. and Rosenbaum, D. A. and Seegelke, S. and Schack, T.},
  title = {Whole-body posture planning in anticipation of a manual prehension
	task: Prospective and retrospective effects},
  journal = {Acta Psychologica},
  year = {2013}
}

@ARTICLE{leineweber2003efficient,
  author = {Leineweber, Daniel B and Bauer, Irene and Bock, Hans Georg and Schl{\"o}der,
	Johannes P},
  title = {An efficient multiple shooting based reduced {SQP} strategy for large-scale
	dynamic process optimization. {P}art 1: {T}heoretical aspects},
  journal = {Computers \& Chemical Engineering},
  year = {2003}
}

@ARTICLE{ref:lwhpk12,
  author = {Levine, S. and Wang, J. M. and Haraux, A. and Popovi$\acute{c}$,
	Z. and Koltun, V.},
  title = {Continuous Character Control with Low-Dimensional Embeddings},
  journal = siggraph,
  year = {2012}
}

@ARTICLE{lohmiller_contraction_1998,
  author = {Lohmiller, W. and Slotine, J.E.},
  title = {On contraction analysis for non-linear systems},
  journal = {Automatica},
  year = {1998}
}

@ARTICLE{luh1980line,
  author = {Luh, John YS and Walker, Michael W and Paul, Richard PC},
  title = {On-line computational scheme for mechanical manipulators},
  journal = {Journal of Dynamic Systems, Measurement, and Control},
  year = {1980}
}

@INPROCEEDINGS{mansard:icar:09,
  author = {N. Mansard and O. Stasse and P. Evrard and A. Kheddar},
  title = {A Versatile Generalized Inverted Kinematics Implementation for Collaborative
	Working Humanoid Robots: The Stack of Tasks},
  booktitle = {International Conference on Advanced Robotics (ICAR)},
  year = {2009}
}

@INPROCEEDINGS{maoz_noise_2005,
  author = {Maoz, U. and Portugaly, E. and Flash, T. and Weiss, Y.},
  title = {Noise and the two-thirds power law},
  booktitle = {Advances in {Neural} {Information} {Processing} {Systems}},
  year = {2005}
}

@ARTICLE{meirovitch_alpha_2015,
  author = {Meirovitch, Y. and Harris, H. and Dayan, E. and Arieli, A. and Flash,
	T.},
  title = {Alpha and {Beta} {Band} {Event}-{Related} {Desynchronization} {Reflects} 	{Kinematic} {Regularities}},
  journal = {Journal of Neuroscience},
  year = {2015}
}

@ARTICLE{ref:mgs10,
  author = {Miihlig, M. and Gienger, M. and Steil, J.J.},
  title = {Human-Robot Interaction for Learning and Adaptation of Object Movements},
  journal = iros,
  year = {2010}
}

@INPROCEEDINGS{6942670,
  author = {Mikami, Y. and Moulard, T. and Yoshida, E. and Venture, G.},
  title = {Identification of HRP-2 foot's dynamics},
  booktitle = iros,
  year = {2014}
}

@ARTICLE{mordatch:tog:12,
  author = {Mordatch, Igor and Todorov, Emanuel and Popovi{\'c}, Zoran},
  title = {Discovery of complex behaviors through contact-invariant optimization},
  journal = {ACM Transactions on Graphics (TOG)},
  year = {2012}
}

@INPROCEEDINGS{Morisawa:ICRA:2007,
  author = {M. Morisawa and K. Harada and S. Kajita and S. Nakaoka and K. Fujiwara
	and F. Kanehiro and K. Kaneko and H. Hirukawa},
  title = {Experimentation of Humanoid Walking Allowing Immediate Modification
	of Foot Place Based on Analytical Solution},
  booktitle = icra,
  year = {2007}
}

@ARTICLE{ref:mlsg15,
  author = {Mukovskiy, A. and Land, W. and Schack, T. and Giese, M.A.},
  title = {Modeling of predictive human movement coordination patterns for applications
	in computer graphics},
  journal = {Journal of WSCG},
  year = {2015}
}

@MISC{mukovskiy:jras:2016,
  author = {Mukovskiy, Albert and Vassallo, Christian and Naveau, Maximilien
	and Stasse, Olivier and Sou\`eres, Philippe and A. Giese, Martin},
  title = {Learning Movement Primitives for the Humanoid Robot HRP2},
  year = {2016},
  note = {(Submitted)},
  booktitle = jras
}

@INPROCEEDINGS{pushDesk,
  author = { Murooka, M. and Nozawa , S. and Kakiuchi, Y. and Okada, K. and Inaba
	, M. },
  title = { {Whole-body pushing manipulation with contact posture planning of
	large and heavy object for humanoid robot} },
  booktitle = icra,
  year = { 2015 }
}

@INPROCEEDINGS{naveau:ichr:2014,
  author = {Naveau, M. and Carpentier, J. and Barthelemy, S. and Stasse, O. and
	Soueres, P.},
  title = {{METAPOD} - Template {META}-{P}r{O}gramming applied to {D}ynamics:
	{CoP}-{CoM} trajectories filtering},
  booktitle = ichr,
  year = {2014}
}

@ARTICLE{naveau:ral:2016,
  author = {Naveau, M. and Kudruss, M. and Stasse, O. and Kirches, C. and Mombaur,K.
	and Soueres, P.},
  title = {A Reactive Walking Pattern Generator Based on Nonlinear Model Predictive
	Control},
  journal = ral,
  year = {2017}
}

@ARTICLE{Nishiwaki:IJRR:2012,
  author = {Koichi Nishiwaki and Joel E. Chestnutt and Satoshi Kagami},
  title = {Autonomous navigation of a humanoid robot over unknown rough terrain
	using a laser range sensor},
  journal = ijrr,
  year = {2012}
}

@ARTICLE{Nishiwaki:IJRR:09,
  author = {K. Nishiwaki and S. Kagami},
  title = {Online Walking Control System for Humanoids with Short Cycle Pattern
	Generation},
  journal = ijrr,
  year = {2009}
}

@INPROCEEDINGS{Nishiwaki2007,
  author = {Nishiwaki, K. and Kagami, S.},
  title = {Walking control on uneven terrain with short cycle pattern generation},
  booktitle = ichr,
  year = {2007}
}

@INPROCEEDINGS{pushingForceControl,
  author = { Nozawa, S. and Kakiuchi, Y. and Okada , K. and Inaba , M. },
  title = { {Controlling the planar motion of a heavy object by pushing with
	a humanoid robot using dual-arm force control} },
  booktitle = icra,
  year = { 2012 }
}

@ARTICLE{ref:og11,
  author = {Omlor, L. and Giese, M. A.},
  title = {Anechoic Blind Source Separation using Wigner Marginals},
  journal = {J. of Machine Learning Res.},
  year = {2011}
}

@ARTICLE{Orin:autorob:2013,
  author = {Orin, David E. and Goswami, Ambarish and Lee, Sung-Hee},
  title = {Centroidal dynamics of a humanoid robot},
  journal = autorob,
  year = {2013}
}

@ARTICLE{Orin:AURO:2012,
  author = {D. E. Orin and A. Goswami and S.-H. Lee},
  title = {Centroidal dynamics of a humanoid robot},
  journal = {Autonomous Robot},
  year = {2012}
}

@ARTICLE{orthey:homotopic:2015,
  author = {Orthey, Andreas and Ivan, Vladimir and Naveau, Maximilien and Yang,
	Yiming and Stasse, Olivier and Vijayakumar, Sethu},
  title = {Homotopic particle motion planning for humanoid robotics},
  year = {2015},
  note = {(Submitted)}
}

@ARTICLE{papaxanthis_relation_2012,
  author = {Papaxanthis, C. and Paizis, C. and White, O. and Pozzo, T. and Stucchi,
	N.},
  title = {The relation between geometry and time in mental actions},
  journal = {PloS one},
  year = {2012}
}

@INPROCEEDINGS{park2009design,
  author = {Park, A. and Mukovskiy, A. and Slotine, J. E. and Giese, M.A.},
  title = {Design of Dynamical Stability Properties in Character Animation.},
  booktitle = {VRIPHYS},
  year = {2009}
}

@INPROCEEDINGS{ref:par09,
  author = {Park, Aee-ni and Mukovskiy, Albert and Slotine, Jean-Jacques E and
	Giese, Martin A},
  title = {Design of Dynamical Stability Properties in Character Animation.},
  booktitle = {VRIPHYS},
  year = {2009}
}

@ARTICLE{Perk2006,
  author = { Perk, B. E. and Slotine, J. E. },
  title = {Motion Primitives for Robotic Flight Control},
  journal = {CoRR},
  year = {2006}
}

@INPROCEEDINGS{perrin_isrr15,
  author = {Perrin, N. and Lau, D. and Padois, V.},
  title = {Effective Generation of Dynamically Balanced Locomotion with Multiple
	Non-coplanar Contacts},
  booktitle = ijrr,
  year = {2015}
}

@ARTICLE{perrin:itro:12,
  author = {N. Perrin and O. Stasse and L. Baudouin and F. Lamiraux and E. Yoshida},
  title = {Fast humanoid robot collision-free footstep planning using swept
	volume approximations},
  journal = itro,
  year = {2012}
}

@INPROCEEDINGS{perrin:iros:2011,
  author = {Perrin, N. and Stasse, O. and Lamiraux, F. and Yoshida, E.},
  title = {Weakly collision-free paths for continuous humanoid footstep planning},
  booktitle = iros,
  year = {2011}
}

@INPROCEEDINGS{Pham:rss:2009,
  author = {Q. Pham and S. Caron and Y. Nakamura},
  title = {Kinodynamic Planning in the Configuration Space via Admissible Velocity
	Propagation},
  booktitle = {Robotics System and Science},
  year = {2009}
}

@ARTICLE{pham_stable_2007,
  author = {Pham, Q. and Slotine, J. E.},
  title = {Stable concurrent synchronization in dynamic system networks},
  journal = {Neural Networks},
  year = {2007}
}

@INPROCEEDINGS{qiu_dhm11,
  author = {Qiu, Zhaopeng and Escande, Adrien and Micaelli, Alain and Robert,
	Thomas},
  title = {Human motions analysis and simulation based on a general criterion
	of stability},
  booktitle = {International Symposium on Digital Human Modeling},
  year = {2011}
}

@MISC{ramirez:ichr:2016,
  author = {I. G. Ramirez-Alpizar and M. Naveau and C. Benazeth and O. Stasse
	and J.-P. Laumond and K. Harada and E. Yoshida},
  title = {Motion Generation for Pulling a Fire Hose by a Humanoid Robot},
  year = {2016},
  booktitle = ichr,
  note = {(Submitted)}
}

@ARTICLE{ref:r08,
  author = {Rosenbaum, D. A.},
  title = {Reaching while walking: reaching distance costs more than walking
	distance},
  journal = {Psych. Bull. Rev.},
  year = {2008}
}

@INPROCEEDINGS{rotella_humanoid15,
  author = {Rotella, Nicholas and Herzog, Alexander and Schaal, Stefan and Righetti,
	Ludovic},
  title = {Humanoid Momentum Estimation Using Sensed Contact Wrenches},
  booktitle = ichr,
  year = {2015}
}

@INPROCEEDINGS{Faraji:ICRA:2014,
  author = {S. Faraji, S. Pouya, C. G. Atkeson and A. J. Ijspeert},
  title = {Versatile and robust 3D walking with a simulated humanoid robot (Atlas):
	A model predictive control approach.},
  booktitle = icra,
  year = {2014}
}

@ARTICLE{seo_cpg_2010,
  author = {Seo, K. and Chung, S. and Slotine, J. E.},
  title = {CPG-based control of a turtle-like underwater vehicle},
  journal = autorob,
  year = {2010}
}

@PHDTHESIS{phdthesis:sherikov:2016,
  author = {Alexander Sherikov},
  title = {Balance preservation and task prioritization in whole body motion
	control of humanoid robots},
  school = {INRIA},
  year = {2016}
}

@INPROCEEDINGS{Sherikov:ichr:2014,
  author = {Sherikov, A. and Dimitrov, D. and Wieber, P.-B.},
  title = {Whole body motion controller with long-term balance constraints},
  booktitle = ichr,
  year = {2014}
}

@ARTICLE{ref:smkb14,
  author = {Shoulson, A. and Marshak, N. and Kapadia, M. and Badler, N.I.},
  title = {ADAPT: The Agent Development and Prototyping Testbed},
  journal = {IEEE Transaction on Visualization and Computer Graphics},
  year = {2014}
}

@ARTICLE{ref:ssl12,
  author = {Sreenivasa, M. and Sou{\`{e}}res, P. and Laumond, J.-P.},
  title = {Walking to Grasp: Modeling of Human Movements as Invariants and an
	Application to Humanoid Robotics},
  journal = {IEEE Trans. on System, Man and Cybernetic Part A: Systems and Humans},
  year = {2012}
}

@BOOK{ref:stasse13,
  title = {Habilitation Thesis},
  publisher = {Paul Sabatier University, CNRS, Toulouse},
  year = {2013},
  author = {Stasse, O.}
}

@INPROCEEDINGS{stasse:iros:2006,
  author = {O. Stasse and A. J. Davison and R. Sellaouti and K. Yokoi},
  title = {Real-time 3d slam for humanoid robot considering pattern generator
	information},
  booktitle = iros,
  year = {2006}
}

@CONFERENCE{ostasse:ichr:2014,
  author = {O. Stasse and A. Orthey and F. Morsillo and M. Geisert and N. Mansard
	and M. Naveau and C. Vassallo},
  title = {Airbus/Future of Aircraft Factory, HRP-2 as Universal Worker Proof
	of Concept.},
  booktitle = {IEEE/RAS International Conference on Humanoid Robot (ICHR)},
  year = {2014}
}

@ARTICLE{ref:svdmsvey08,
  author = {Stasse, O. and Verelst, B. and Davison, A. and Mansard, N. and Saidi,
	F. and Vanderborght, B. and Esteves, C. and Yokoi K.},
  title = {Integrating Walking and Vision to increase Humanoid Autonomy},
  journal = ijhr,
  year = {2008}
}

@INPROCEEDINGS{pushingChair,
  author = { Takubo, T. and Inoue, K. and Arai , T. },
  title = { {Pushing an object considering the hand reflect forces by a humanoid
	robot in dynamic walking} },
  booktitle = icra,
  year = { 2005 }
}

@INPROCEEDINGS{pushingChair2,
  author = { Takubo, T. and Inoue, K. and Arai , T. },
  title = { {Pushing operation for humanoid robot using multipoint contact states}	},
  booktitle = iros,
  year = { 2005 }
}

@INPROCEEDINGS{tassa:iros:2012,
  author = {Tassa, Yuval and Erez, Tom and Todorov, Emanuel},
  title = {Synthesis and stabilization of complex behaviors through online trajectory
	optimization},
  booktitle = iros,
  year = {2012}
}

@INPROCEEDINGS{tassa:icra:14,
  author = {Tassa, Yuval and Mansard, Nicolas and Todorov, Emo},
  title = {Control-limited differential dynamic programming},
  booktitle = icra,
  year = {2014}
}

@ARTICLE{ref:ttsg13,
  author = {Ta{\"{i}}x, M. and Tran, M.T. and Sou{\`{e}}res, P. Guigon, E.},
  title = {Generating human-like reaching movements with a humanoid robot: A
	computational approach},
  journal = {Journal of Computational Science},
  year = {2013}
}

@INPROCEEDINGS{Tedrake:ur:15,
  author = {Russ Tedrake and Scott Kuindersma and Deits, Robin and Kanako Miura},
  title = {A closed-form solution for real-time ZMP gait generation and feedback
	stabilization},
  booktitle = ichr,
  year = {2015}
}

@INPROCEEDINGS{Todorov:ICRA:2014,
  author = {E. Todorov},
  title = {Analytically-invertible dynamics with contacts and constraints: Theory
	and implementation in {MuJoCo}},
  booktitle = icra,
  year = {2014}
}

@ARTICLE{todorov_optimal_2002,
  author = {Todorov, E. and Jordan, M.I.},
  title = {Optimal feedback control as a theory of motor coordination},
  journal = {Nature neuroscience},
  year = {2002}
}

@INPROCEEDINGS{tonneau_isrr15,
  author = {Steve Tonneau and Nicolas Mansard and Chonhyon Park and Dinesh Manocha
	and Franck Multon and Julien Pettre},
  title = {A Reachability-based planner for sequences of acyclic contacts in
	cluttered environments},
  booktitle = {the International Symposium on Robotics Research },
  year = {2015}
}

@INPROCEEDINGS{tonneau2015isrr,
  author = {Tonneau, Steve and Mansard, Nicolas and Park, Chonhyon and Manocha,
	Dinesh and Multon, Franck and Pettr{\'e}, Julien},
  title = {A Reachability-based planner for sequences of acyclic contacts in
	cluttered environments},
  booktitle = {the International Symposium on Robotics Research},
  year = {2015}
}

@ARTICLE{viviani_biological_1992,
  author = {Viviani, P. and Stucchi, N.},
  title = {Biological movements look uniform: evidence of motor-perceptual interactions},
  journal = {Journal of experimental psychology. Human perception and performance},
  year = {1992}
}

@ARTICLE{ref:wfh08,
  author = {Wang, J. M. and Fleet, D. J. and Hertzmann, A.},
  title = {Gaussian Process Dynamical Models for Human Motion},
  journal = {IEEE Trans. on Pattern Analysis and Machine Intelligence},
  year = {2008}
}

@ARTICLE{ref:ws10,
  author = {Weigelt, M. and Schack, T.},
  title = {The Development of End-State Comfort Planning in Preschool Children},
  journal = {Exper. Psych.},
  year = {2010}
}

@INPROCEEDINGS{Wensing:iros:2014,
  author = {P. M. Wensing and D. E. Orin},
  title = {3D-SLIP Steering for High-Speed Humanoid Turns},
  booktitle = iros,
  year = {2014}
}

@INPROCEEDINGS{wieber_humanoid08,
  author = {Wieber, Pierre-Brice},
  title = {Viability and predictive control for safe locomotion},
  booktitle = ichr,
  year = {2008}
}

@INPROCEEDINGS{Wieber:FMBR:2005,
  author = {P.-B. Wieber},
  title = {Somme comments on the structure of the dynamics of articulated motion},
  booktitle = {Fast Motions in Biomechanics and Robotics},
  year = {2005}
}

@INPROCEEDINGS{Wieber:IWFFFR:2002,
  author = {P.-B. Wieber},
  title = {On the stability of walking systems},
  booktitle = {Proc. of the Inter. Workshop on Humanoid and Human Friendly Robotics},
  year = {2002}
}

@INBOOK{wieber_handbook15,
  chapter = {Modeling and Control of Legged Robots},
  title = {Handbook of Robotics},
  year = {2015},
  author = {Wieber, Pierre-Brice and Tedrake, Russ and Kuindersma, Scott},
}

@INPROCEEDINGS{pivoting,
  author = { Yoshida, E. and Blazevic, P. and Hugel, V. },
  title = { {Pivoting manipulation of a large object: a study of application
	using humanoid platform} },
  booktitle = icra,
  year = { 2005 }
}

@INPROCEEDINGS{yoshida2007give,
  author = {Yoshida, Eiichi and Mallet, Anthony and Lamiraux, Florent and Kanoun,
	Oussama and Stasse, Olivier and Poirier, Mathieu and Dominey, P-F
	and Laumond, J-P and Yokoi, Kazuhito},
  title = {\''{G}ive me the {P}urple {B}all\'' -- he said to {HRP}-2 {N}.14},
  booktitle = ichr,
  year = {2007}
}

@MISC{hpp,
  title = { {Humanoid Path Planner (HPP)} },
  year = {2016},
  booktitle = icra,
  url = { http://projects.laas.fr/gepetto/index.php/Software/Hpp }
}

@MISC{mocap,
  title = {{Motion Analysis}},
  year = {2016},
  url = {http://www.motionanalysis.com}
}

@MISC{pinocchio:laas,
  title = {Pinocchio official website. This C++ template library propose fast
	algorithm to compute the dynamics of rigid body kinematic chains.},
  howpublished = { \url{http://stack-of-tasks.github.io/pinocchio} },
  year = {2016},
  note = {Accessed: 2015-06-28}
}

@comment{jabref-meta: selector_publisher:}

@comment{jabref-meta: selector_author:}

@comment{jabref-meta: selector_journal:}

@comment{jabref-meta: selector_keywords:}

